<?xml version="1.0" encoding="UTF-8"?>
<collection xmlns="http://www.loc.gov/MARC21/slim">
<record>
  <controlfield tag="001">80749</controlfield>
  <controlfield tag="005">20200327143056.0</controlfield>
  <datafield tag="041" ind1="0" ind2="7">
    <subfield code="a">cze</subfield>
  </datafield>
  <datafield tag="046" ind1=" " ind2=" ">
    <subfield code="k">2011-03</subfield>
  </datafield>
  <datafield tag="245" ind1="0" ind2="0">
    <subfield code="a">Osobní archiv Ing. arch. Jana Moučky v Národním úložišti šedé literatury </subfield>
    <subfield code="b">The personal archive of Ing. arch. Jan Moučka in the National Repository of Grey Literature </subfield>
  </datafield>
  <datafield tag="340" ind1=" " ind2=" ">
    <subfield code="a">text/pdf</subfield>
  </datafield>
  <datafield tag="520" ind1=" " ind2=" ">
    <subfield code="a">Článek ukazuje na popisu procesu ukládání a zpřístupnění děl z Archivu JM do NUŠLu, jak postupovat při ukládání obdobných typů dokumentů do institucionálních repozitářů. Nedílnou součástí článku je podrobný právní rozbor možností zpřístupnění děl v repozitářích s veřejným přístupem.</subfield>
    <subfield code="9">cze</subfield>
  </datafield>
  <datafield tag="540" ind1=" " ind2=" ">
    <subfield code="a">Dílo je chráněno podle autorského zákona č. 121/2000 Sb.</subfield>
    <subfield code="9">cze</subfield>
  </datafield>
  <datafield tag="540" ind1=" " ind2=" ">
    <subfield code="a">This work is protected under the Copyright Act No. 121/2000 Coll.</subfield>
    <subfield code="9">eng</subfield>
  </datafield>
  <datafield tag="540" ind1=" " ind2=" ">
    <subfield code="a">Licence Creative Commons Uveďte autora-Neužívejte dílo komerčně-Nezasahujte do díla 3.0 Česko</subfield>
    <subfield code="9">cze</subfield>
  </datafield>
  <datafield tag="540" ind1=" " ind2=" ">
    <subfield code="a">License: Creative Commons Attribution-NonCommercial-NoDerivs 3.0 Czech Republic</subfield>
    <subfield code="9">eng</subfield>
  </datafield>
  <datafield tag="650" ind1=" " ind2="7">
    <subfield code="a">elektronické zdroje</subfield>
    <subfield code="0">http://psh.ntkcz.cz/skos/PSH6467</subfield>
    <subfield code="2">PSH</subfield>
    <subfield code="j">electronic sources</subfield>
  </datafield>
  <datafield tag="650" ind1=" " ind2="7">
    <subfield code="a">digitální knihovny</subfield>
    <subfield code="0">http://psh.ntkcz.cz/skos/PSH6533</subfield>
    <subfield code="2">PSH</subfield>
    <subfield code="j">digital libraries</subfield>
  </datafield>
  <datafield tag="653" ind1=" " ind2=" ">
    <subfield code="a">Národní úložiště šedé literatury</subfield>
  </datafield>
  <datafield tag="653" ind1=" " ind2=" ">
    <subfield code="a">Digitální repozitáře</subfield>
  </datafield>
  <datafield tag="653" ind1=" " ind2=" ">
    <subfield code="a">Šedá literatura</subfield>
  </datafield>
  <datafield tag="653" ind1=" " ind2=" ">
    <subfield code="a">Autorské právo</subfield>
  </datafield>
  <datafield tag="653" ind1=" " ind2=" ">
    <subfield code="a">Otevřený přístup</subfield>
  </datafield>
  <datafield tag="653" ind1=" " ind2=" ">
    <subfield code="a">Architektura</subfield>
  </datafield>
  <datafield tag="653" ind1="0" ind2=" ">
    <subfield code="a">National repository of grey literature</subfield>
  </datafield>
  <datafield tag="653" ind1="0" ind2=" ">
    <subfield code="a">Digital repositories</subfield>
  </datafield>
  <datafield tag="653" ind1="0" ind2=" ">
    <subfield code="a">Grey literature</subfield>
  </datafield>
  <datafield tag="653" ind1="0" ind2=" ">
    <subfield code="a">Copyright, copyright act</subfield>
  </datafield>
  <datafield tag="653" ind1="0" ind2=" ">
    <subfield code="a">Open access</subfield>
  </datafield>
  <datafield tag="653" ind1="0" ind2=" ">
    <subfield code="a">Architecture</subfield>
  </datafield>
  <datafield tag="720" ind1=" " ind2=" ">
    <subfield code="a">Vyčítalová, Hana</subfield>
  </datafield>
  <datafield tag="773" ind1="1" ind2=" ">
    <subfield code="x">1801-5948</subfield>
    <subfield code="t">Knihovna plus</subfield>
    <subfield code="g">Roč. 22, č. 2 (2011)</subfield>
  </datafield>
  <datafield tag="856" ind1="4" ind2=" ">
    <subfield code="u">http://invenio.nusl.cz/record/80749/files/idr-113_1.pdf</subfield>
    <subfield code="z">Plný text</subfield>
  </datafield>
  <datafield tag="856" ind1="4" ind2="0">
    <subfield code="u">http://www.nusl.cz/ntk/nusl-80749</subfield>
    <subfield code="z">PID NUŠL</subfield>
  </datafield>
  <datafield tag="909" ind1="C" ind2="O">
    <subfield code="o">oai:invenio.nusl.cz:80749</subfield>
    <subfield code="p">openaire</subfield>
    <subfield code="p">opengrey</subfield>
    <subfield code="p">global</subfield>
    <subfield code="p">DRIVER</subfield>
    <subfield code="p">licensed</subfield>
  </datafield>
  <datafield tag="980" ind1=" " ind2=" ">
    <subfield code="a">preprinty</subfield>
  </datafield>
  <datafield tag="996" ind1=" " ind2=" ">
    <subfield code="9">1</subfield>
  </datafield>
  <datafield tag="998" ind1=" " ind2=" ">
    <subfield code="a">narodni_technicka_knihovna</subfield>
  </datafield>
</record>
</collection>